@inproceedings{leftovers,
  author =	{Guillaume Allais},
  title =	{Typing with Leftovers},
  booktitle =	{23rd International Conference on Types for Proofs and Programs (TYPES 2017)},
  pages =	{1:1--1:22},
  year =	{2018},
  volume =	{104},
  publisher =	{Schloss Dagstuhl--Leibniz-Zentrum fuer Informatik},
  address =	{Dagstuhl, Germany},
  URL =		{http://drops.dagstuhl.de/opus/volltexte/2018/10049}
}

@inproceedings{qtt,
  author    = {Robert Atkey},
  title     = {Syntax and Semantics of Quantitative Type Theory},
  booktitle = {33rd Annual {ACM/IEEE} Symposium on Logic in Computer Science},
  pages     = {56--65},
  publisher = {{ACM}},
  year      = {2018},
  url       = {https://bentnib.org/quantitative-type-theory.pdf}
}

