@book{dcpl,
  title     = {Design Concepts in Programming Languages},
  author    = {Franklyn Turbak and David Gifford},
  year      = {2008},
  publisher = {{MIT} Press},
  address   = {Cambridge, Massachusetts},
  isbn      = {978-0-262-20175-9}
}

@article{undecidable,
  author    = {Warren D. Goldfarb},
  title     = {The Undecidability of the Second-Order Unification Problem},
  journal   = {Theor. Comput. Sci.},
  volume    = {13},
  pages     = {225--230},
  year      = {1981},
  url       = {https://www.sciencedirect.com/science/article/pii/0304397581900402}
}

@inproceedings{nipkow,
  author    = {Tobias Nipkow},
  title     = {Functional Unification of Higher-Order Patterns},
  booktitle = {Eighth Annual Symposium on
               Logic in Computer Science ({LICS} '93)},
  pages     = {64--74},
  publisher = {{IEEE} Computer Society},
  year      = {1993},
  url       = {https://www21.in.tum.de/~nipkow/pubs/lics93.dvi.gz}
}

@unpublished{tut,
  author = {Adam Gundry and Conor McBride},
  title  = {A tutorial implementation of dynamic pattern unification},
  year   = {2013},
  url    = {https://adam.gundry.co.uk/pub/pattern-unify/},
  note   = {Rejected from {POPL} 2013}
}
